@article{prm,
    author={Kavraki, L.E. and Svestka, P. and Latombe, J.-C. and Overmars, M.H.},
    journal={Robotics and Automation, IEEE Transactions on},
    title={Probabilistic roadmaps for path planning in high-dimensional configuration spaces},
    year={1996},
    month={Aug},
    volume={12},
    number={4},
    pages={566-580},
    doi={10.1109/70.508439},
    ISSN={1042-296X}
}

@article{edmonds,
    author = {Edmonds, Jack},
    year = {1967},
    month = {November},
    title = {Optimum Branching},
    journal = {Journal OF Research of the National Bureau of Standards}
}
